@BOOKLET{Madsen2010,
  author = {Lars Madsen},
  title = {Introduktion til {LaTeX}},
  year = {2010},
  howpublished = {\url{http://www.imf.au.dk/system/latex/bog/}}
 }
 
@MISC{ROSINTRO,
  author = {DirkThomas},
  title = {ROS/Introduction},
  year = {2014},
  howpublished = {\url{http://wiki.ros.org/ROS/Introduction}}
 }
 
@BOOK{Mittelbach2005,
  author = {Frank Mittelbach},
  edition = {2. ed.},
  publisher = {Addison-Wesley},
  title = {The LATEX companion},
  year = 2005
}
